<record><leader>00000cas a2200000 a 4500</leader><controlfield tag="001">1764332</controlfield><controlfield tag="008">751101d18151867vaucn ne      0   a0eng c</controlfield><datafield ind1=" " ind2=" " tag="010"><subfield code="a">sn 84024735 </subfield></datafield><datafield ind1=" " ind2=" " tag="040"><subfield code="a">MUL</subfield><subfield code="b">eng</subfield><subfield code="c">MUL</subfield><subfield code="d">NPV</subfield><subfield code="d">NPA</subfield><subfield code="d">NPX</subfield><subfield code="d">NPY</subfield><subfield code="d">NPU</subfield><subfield code="d">NPX</subfield><subfield code="d">DLC</subfield><subfield code="d">NPA</subfield><subfield code="d">PPM</subfield><subfield code="d">NJW</subfield><subfield code="d">DLC</subfield><subfield code="d">KNP</subfield><subfield code="d">NPH</subfield><subfield code="d">NLG</subfield><subfield code="d">YOX</subfield><subfield code="d">NLG</subfield><subfield code="d">MFN</subfield><subfield code="d">NLG</subfield><subfield code="d">OCL</subfield><subfield code="d">MFN</subfield><subfield code="d">NYS</subfield><subfield code="d">KNP</subfield><subfield code="d">MGN</subfield><subfield code="d">CNK</subfield><subfield code="d">CNW</subfield><subfield code="d">MGN</subfield><subfield code="d">CNK</subfield><subfield code="d">HUL</subfield><subfield code="d">NVK</subfield><subfield code="d">OBN</subfield><subfield code="d">NVF</subfield><subfield code="d">NVK</subfield><subfield code="d">OCL</subfield><subfield code="d">NVK</subfield><subfield code="d">NVF</subfield><subfield code="d">NVK</subfield><subfield code="d">NYS</subfield><subfield code="d">OCLCQ</subfield><subfield code="d">NYS</subfield><subfield code="d">DLC</subfield><subfield code="d">CRL</subfield><subfield code="d">DLC</subfield><subfield code="d">KRTAS</subfield><subfield code="d">DLC</subfield><subfield code="d">OCLCQ</subfield><subfield code="d">OCLCF</subfield><subfield code="d">CUS</subfield><subfield code="d">NVK</subfield><subfield code="d">DLC</subfield></datafield><datafield ind1=" " ind2=" " tag="012"><subfield code="b">3</subfield></datafield><datafield ind1=" " ind2=" " tag="019"><subfield code="a">22045060</subfield></datafield><datafield ind1="0" ind2=" " tag="022"><subfield code="a">2473-4845</subfield><subfield code="2">1</subfield></datafield><datafield ind1=" " ind2=" " tag="042"><subfield code="a">pcc</subfield><subfield code="a">nsdp</subfield></datafield><datafield ind1=" " ind2=" " tag="043"><subfield code="a">n-us-va</subfield></datafield><datafield ind1="0" ind2="0" tag="050"><subfield code="a">Newspaper</subfield></datafield><datafield ind1="1" ind2="0" tag="082"><subfield code="a">071</subfield><subfield code="2">23</subfield></datafield><datafield ind1="0" ind2=" " tag="130"><subfield code="a">Richmond enquirer (Richmond, Va. : 1815 : Semiweekly)</subfield></datafield><datafield ind1=" " ind2="0" tag="222"><subfield code="a">Richmond enquirer</subfield><subfield code="b">(Richmond, Va. : 1815. Semiweekly. Print)</subfield></datafield><datafield ind1="1" ind2="0" tag="245"><subfield code="a">Richmond enquirer.</subfield></datafield><datafield ind1="3" ind2=" " tag="246"><subfield code="a">Enquirer and sentinel</subfield></datafield><datafield ind1="3" ind2=" " tag="246"><subfield code="a">Richmond enquirer and sentinel</subfield></datafield><datafield ind1="3" ind2=" " tag="246"><subfield code="a">Semiweekly enquirer</subfield></datafield><datafield ind1=" " ind2=" " tag="250"><subfield code="a">Semiweekly ed.</subfield></datafield><datafield ind1=" " ind2=" " tag="260"><subfield code="a">Richmond, Va. :</subfield><subfield code="b">Thomas Ritchie,</subfield><subfield code="c">1815-[1867]</subfield></datafield><datafield ind1=" " ind2=" " tag="300"><subfield code="a">v. :</subfield><subfield code="b">ill. ;</subfield><subfield code="c">52 cm.</subfield></datafield><datafield ind1=" " ind2=" " tag="310"><subfield code="a">Semiweekly,</subfield><subfield code="b">&lt;Oct. 1844-Jan. 8, 1867&gt;</subfield></datafield><datafield ind1=" " ind2=" " tag="321"><subfield code="a">Semiweekly (triweekly during sessions of the legislature),</subfield><subfield code="b">1815-&lt;Oct. 1844&gt;</subfield></datafield><datafield ind1="0" ind2=" " tag="362"><subfield code="a">Vol. 12, no. 40 (Sept. 20, 1815)-</subfield></datafield><datafield ind1="1" ind2=" " tag="362"><subfield code="a">Ceased by July 1867.</subfield></datafield><datafield ind1=" " ind2=" " tag="500"><subfield code="a">Publisher varies: Ritchie &amp; Gooch, Mar. 3, 1820-Nov. 7, 1828; Ritchie &amp; Cook, Nov. 11, 1828-Aug. 12, 1836; Thomas Ritchie, Aug. 16, 1836-Mar. 2, 1843; Thomas Ritchie &amp; Sons, Mar. 4, 1843-May 6, 1845; Wm. F. &amp; Tho.'s Ritchie, Jr., May 9, 1845-&lt;July 15&gt;, 1853; Ritchies &amp; Pryor, &lt;Sept. 27&gt;, 1853-&lt;Aug. 25&gt;, 1854.</subfield></datafield><datafield ind1=" " ind2=" " tag="500"><subfield code="a">Ritchie, Pryor &amp; Dunnavant, &lt;Oct. 10&gt;, 1854-&lt;Feb. 10&gt;, 1857; Ritchie &amp; Dunnavant, &lt;Feb. 17&gt;, 1857-&lt;Apr. 2&gt;, 1858; Ritchie, Dunnavant, Tyler &amp; Wise, &lt;May 18&gt;, 1858-Aug. 10, 1860; Tyler, Wise &amp; Allegre, Aug. 14, 1860-&lt;Jan. 30&gt;, 1863; Tyler &amp; Allegre, &lt;Feb. 6&gt;, 1863-&lt;1865&gt;; R.M. Smith &amp; Son, &lt;1866&gt;-&lt;1867&gt;.</subfield></datafield><datafield ind1="4" ind2=" " tag="510"><subfield code="a">Brigham, C.S. Amer. newspapers,</subfield><subfield code="c">p. 1138</subfield></datafield><datafield ind1=" " ind2=" " tag="515"><subfield code="a">Suspended Apr. 1-Oct. 30, 1865.</subfield></datafield><datafield ind1=" " ind2=" " tag="530"><subfield code="a">Also issued on microopaque and microfilm from Readex Microprint Corp., and on microfilm from the Library of Congress Photoduplication Service, and the Library of Virginia.</subfield></datafield><datafield ind1=" " ind2=" " tag="530"><subfield code="a">Archived issues are available in digital format from the Library of Congress Chronicling America online collection.</subfield></datafield><datafield ind1=" " ind2=" " tag="580"><subfield code="a">Monthly ed.: Richmond enquirer monthly advertising sheet, &lt;1860&gt;.</subfield></datafield><datafield ind1=" " ind2=" " tag="580"><subfield code="a">Daily eds.: Richmond enquirer (Richmond, Va. : 1844 : Daily), 1844, and: Daily Richmond enquirer (Richmond, Va. : 1844), 1844-1867.</subfield></datafield><datafield ind1=" " ind2=" " tag="580"><subfield code="a">Weekly eds.: Weekly Richmond enquirer (Richmond, Va. : 1855), 1855-1860, and: Richmond weekly enquirer (Richmond, Va. : 1860), 1860-1862, and: Weekly Richmond enquirer (Richmond, Va. : 1862), 1862-&lt;1865&gt;, and: Richmond enquirer (Richmond, Va. : Weekly), &lt;1866-1867&gt;.</subfield></datafield><datafield ind1=" " ind2=" " tag="580"><subfield code="a">Triweekly ed.: Richmond enquirer (Richmond, Va. : Triweekly), &lt;1865&gt;.</subfield></datafield><datafield ind1=" " ind2="0" tag="651"><subfield code="a">Richmond (Va.)</subfield><subfield code="v">Newspapers.</subfield></datafield><datafield ind1=" " ind2="0" tag="651"><subfield code="a">Richmond County (Va.)</subfield><subfield code="v">Newspapers.</subfield></datafield><datafield ind1=" " ind2="0" tag="651"><subfield code="a">Henrico County (Va.)</subfield><subfield code="v">Newspapers.</subfield></datafield><datafield ind1=" " ind2="7" tag="651"><subfield code="a">Virginia</subfield><subfield code="z">Henrico County.</subfield><subfield code="2">fast</subfield><subfield code="0">(OCoLC)fst01218953</subfield></datafield><datafield ind1=" " ind2="7" tag="651"><subfield code="a">Virginia</subfield><subfield code="z">Richmond.</subfield><subfield code="2">fast</subfield><subfield code="0">(OCoLC)fst01205345</subfield></datafield><datafield ind1=" " ind2="7" tag="651"><subfield code="a">Virginia</subfield><subfield code="z">Richmond County.</subfield><subfield code="2">fast</subfield><subfield code="0">(OCoLC)fst01223627</subfield></datafield><datafield ind1=" " ind2="7" tag="655"><subfield code="a">Newspapers.</subfield><subfield code="2">fast</subfield><subfield code="0">(OCoLC)fst01423814</subfield></datafield><datafield ind1=" " ind2=" " tag="752"><subfield code="a">United States</subfield><subfield code="b">Virginia</subfield><subfield code="c">Richmond</subfield><subfield code="d">Richmond.</subfield></datafield><datafield ind1="1" ind2=" " tag="775"><subfield code="t">Richmond enquirer (Richmond, Va. : 1844 : Daily)</subfield><subfield code="w">(DLC)sn 85026447</subfield><subfield code="w">(OCoLC)12242238</subfield></datafield><datafield ind1="1" ind2=" " tag="775"><subfield code="t">Daily Richmond enquirer (Richmond, Va. : 1844)</subfield><subfield code="w">(DLC)sn 84024729</subfield><subfield code="w">(OCoLC)11063879</subfield></datafield><datafield ind1="1" ind2=" " tag="775"><subfield code="t">Weekly Richmond enquirer (Richmond, Va. : 1855)</subfield><subfield code="w">(DLC)sn 84024728</subfield><subfield code="w">(OCoLC)11063932</subfield></datafield><datafield ind1="1" ind2=" " tag="775"><subfield code="t">Richmond weekly enquirer (Richmond, Va. : 1860)</subfield><subfield code="w">(DLC)sn 85034450</subfield><subfield code="w">(OCoLC)12878132</subfield></datafield><datafield ind1="1" ind2=" " tag="775"><subfield code="t">Weekly Richmond enquirer (Richmond, Va. : 1862)</subfield><subfield code="w">(DLC)sn 85034451</subfield><subfield code="w">(OCoLC)12878151</subfield></datafield><datafield ind1="1" ind2=" " tag="775"><subfield code="t">Richmond enquirer (Richmond, Va. : Weekly)</subfield><subfield code="w">(DLC)sn 85026577</subfield><subfield code="w">(OCoLC)12275526</subfield></datafield><datafield ind1="1" ind2=" " tag="775"><subfield code="t">Richmond enquirer (Richmond, Va. : Triweekly)</subfield><subfield code="w">(DLC)sn 86071987</subfield><subfield code="w">(OCoLC)14286513</subfield></datafield><datafield ind1="1" ind2=" " tag="775"><subfield code="t">Richmond enquirer monthly advertising sheet</subfield><subfield code="w">(DLC)sn 00061500</subfield><subfield code="w">(OCoLC)43400109</subfield></datafield><datafield ind1="0" ind2="8" tag="776"><subfield code="i">Online version:</subfield><subfield code="t">Richmond enquirer (Richmond, Va. : 1815 : Semiweekly)</subfield><subfield code="x">2473-4853</subfield><subfield code="w">(DLC)  2016271147</subfield><subfield code="w">(OCoLC)953786321</subfield></datafield><datafield ind1="0" ind2="0" tag="780"><subfield code="t">Enquirer (Richmond, Va. : 1804)</subfield><subfield code="w">(DLC)sn 84024736</subfield><subfield code="w">(OCoLC)4588220</subfield></datafield><datafield ind1="0" ind2="5" tag="780"><subfield code="t">Sentinel (Richmond, Va. : Semiweekly)</subfield><subfield code="w">(DLC)sn 85038613</subfield><subfield code="w">(OCoLC)12872383</subfield></datafield><datafield ind1="0" ind2="0" tag="785"><subfield code="t">Richmond enquirer (Richmond, Va. : 1867 : Semiweekly)</subfield><subfield code="w">(DLC)sn 85027072</subfield><subfield code="w">(OCoLC)12951824</subfield></datafield><datafield ind1="4" ind2="1" tag="856"><subfield code="3">01/02/1838 to 03/30/1863</subfield><subfield code="u">http://infoweb.newsbank.com/?db=EANX&amp;s_browseRef=decades/102C8DD28756FF70/all.xml</subfield></datafield><datafield ind1="4" ind2="1" tag="856"><subfield code="u">http://chroniclingamerica.loc.gov/lccn/sn84024735/issues</subfield></datafield><datafield ind1="4" ind2="1" tag="856"><subfield code="u">www.virginiachronicle.com</subfield></datafield><datafield ind1=" " ind2=" " tag="850"><subfield code="a">MH</subfield></datafield><datafield ind1=" " ind2=" " tag="938"><subfield code="a">Kirtas Technologies, Inc.</subfield><subfield code="b">KRTS</subfield><subfield code="n">733946</subfield></datafield><datafield ind1="1" ind2=" " tag="029"><subfield code="a">AU@</subfield><subfield code="b">000012084931</subfield></datafield></record>